@ABNT-options{minhasopcoes,
abnt-full-initials="yes",
abnt-etal-list=0}


%% - Usar thesis caso for trabalho de conclusão de curso!
%% Alterar "tcc" para o "this"

@thesis{this,
author={{SOBRENOME, Nome1 Nome2}},
title = {Título do trabalho - Insira aqui o nome do trabalho. 2017.},
year={2017},
type={Dissertação de Mestrado em Ciência da Computação, Universidade Tecnológica Federal Do Paraná. Ponta Grossa}
}


@thesis{thisen,
author={{LASTNAME, Name1 Name2}},
title = {Paper title - Type here the name of the paper},
year={2017},
type={Masther's Degree Thesis in Computer Science, Federal Technology University - Paraná. Ponta Grossa}
}

@book{Bordini:2007:PMS:1197104,
 author = {Bordini, Rafael H. and H\"{u}bner, Jomi Fred and Wooldridge, Michael},
 title = {Programming Multi-Agent Systems in AgentSpeak Using Jason (Wiley Series in Agent Technology)},
 year = {2007},
 isbn = {0470029005},
 publisher = {John Wiley \& Sons},
}
